<record><leader>00000cas a22000007a 4500</leader><controlfield tag="001">13148772</controlfield><controlfield tag="008">860213d18531856nyuwr ne      0    0eng d</controlfield><datafield ind1=" " ind2=" " tag="010"><subfield code="a">sn 86053094 </subfield></datafield><datafield ind1=" " ind2=" " tag="040"><subfield code="a">NPX</subfield><subfield code="b">eng</subfield><subfield code="c">NPX</subfield><subfield code="d">NYS</subfield><subfield code="d">OCLCQ</subfield></datafield><datafield ind1=" " ind2=" " tag="042"><subfield code="a">msc</subfield></datafield><datafield ind1="0" ind2=" " tag="130"><subfield code="a">Weekly chronicle (Syracuse, N.Y.)</subfield></datafield><datafield ind1="1" ind2="4" tag="245"><subfield code="a">The weekly chronicle.</subfield></datafield><datafield ind1=" " ind2=" " tag="260"><subfield code="a">Syracuse [N.Y. :</subfield><subfield code="b">S.n.]</subfield></datafield><datafield ind1=" " ind2=" " tag="300"><subfield code="a">v.</subfield></datafield><datafield ind1=" " ind2=" " tag="310"><subfield code="a">Weekly</subfield></datafield><datafield ind1="1" ind2=" " tag="362"><subfield code="a">Began with Jan. 1, 1853 issue.</subfield><subfield code="z">Cf. Gregory, W. Amer. newspapers.</subfield></datafield><datafield ind1="1" ind2=" " tag="362"><subfield code="a">Ceased in Feb. 1856.</subfield><subfield code="z">Cf. French, J.H. Gazetteer of the state of N.Y., 1860.</subfield></datafield><datafield ind1=" " ind2=" " tag="500"><subfield code="a">Editor: Robert R. Raymond, &lt;1853&gt;.</subfield></datafield><datafield ind1=" " ind2=" " tag="500"><subfield code="a">"Anti-Slavery."</subfield></datafield><datafield ind1=" " ind2=" " tag="580"><subfield code="a">Daily eds.: Evening chronicle (Syracuse, N.Y.), &lt;1853&gt;; Syracuse evening chronicle, &lt;1853-1856&gt;.</subfield></datafield><datafield ind1=" " ind2=" " tag="588"><subfield code="a">Description based on: Vol. 1, no. 11 (Mar. 3, 1853).</subfield></datafield><datafield ind1=" " ind2=" " tag="752"><subfield code="a">United States</subfield><subfield code="b">New York</subfield><subfield code="c">Onondaga</subfield><subfield code="d">Syracuse.</subfield></datafield><datafield ind1="1" ind2=" " tag="775"><subfield code="t">Evening chronicle (Syracuse, N.Y.)</subfield><subfield code="w">(DLC)sn 86053095</subfield><subfield code="w">(OCoLC)13148842</subfield></datafield><datafield ind1="1" ind2=" " tag="775"><subfield code="t">Syracuse evening chronicle</subfield><subfield code="w">(DLC)sn 91066040</subfield><subfield code="w">(OCoLC)23243800</subfield></datafield><datafield ind1="0" ind2="0" tag="780"><subfield code="t">Syracuse free Democrat</subfield><subfield code="w">(DLC)sn 91066088</subfield><subfield code="w">(OCoLC)23602632</subfield></datafield><datafield ind1="0" ind2="4" tag="785"><subfield code="t">Syracuse weekly journal</subfield><subfield code="w">(DLC)sn 83031895</subfield><subfield code="w">(OCoLC)10029302</subfield></datafield><datafield ind1="1" ind2=" " tag="029"><subfield code="a">AU@</subfield><subfield code="b">000025785925</subfield></datafield></record>